@article{unal2021effects,
  title={Effects of teaching a computer programming language via hybrid interface on anxiety, cognitive load level and achievement of high school students},
  author={Unal, Alper and Topu, Fatma Burcu},
  journal={Education and Information Technologies},
  pages={1--19,
  year={2021},
  publisher={Springer}
}

@inproceedings{grafsgaard2014additive,
  title={The additive value of multimodal features for predicting engagement, frustration, and learning during tutoring},
  author={Grafsgaard, Joseph F and Wiggins, Joseph B and Vail, Alexandria Katarina and Boyer, Kristy Elizabeth and Wiebe, Eric N and Lester, James C},
  booktitle={Proceedings of the 16th International Conference on Multimodal Interaction},
  pages={42--49},
  year={2014}
}

@inproceedings{dillon2012comparing,
  title={Comparing mental models of novice programmers when using visual and command line environments},
  author={Dillon, Edward and Anderson, Monica and Brown, Marcus},
  booktitle={Proceedings of the 50th Annual Southeast Regional Conference},
  pages={142--147},
  year={2012}
}

@inproceedings{feild2010predicting,
  title={Predicting searcher frustration},
  author={Feild, Henry A and Allan, James and Jones, Rosie},
  booktitle={Proceedings of the 33rd international ACM SIGIR conference on Research and development in information retrieval},
  pages={34--41},
  year={2010}
}

@incollection{hart1988development,
  title={Development of NASA-TLX (Task Load Index): Results of empirical and theoretical research},
  author={Hart, Sandra G and Staveland, Lowell E},
  booktitle={Advances in psychology},
  volume={52},
  pages={139--183},
  year={1988},
  publisher={Elsevier}
}

@article{mcdonald2020impact,
  title={The impact of Thinking-Aloud on usability inspection},
  author={Mcdonald, Sharon and Cockton, Gilbert and Irons, Alastair},
  journal={Proceedings of the ACM on Human-Computer Interaction},
  volume={4},
  number={EICS},
  pages={1--22},
  year={2020},
  publisher={ACM New York, NY, USA}
}

@book{ericsson1984protocol,
  title={Protocol analysis: Verbal reports as data.},
  author={Ericsson, K Anders and Simon, Herbert A},
  year={1984},
  publisher={the MIT Press}
}

@article{fox2011procedures,
  title={Do procedures for verbal reporting of thinking have to be reactive? A meta-analysis and recommendations for best reporting methods.},
  author={Fox, Mark C and Ericsson, K Anders and Best, Ryan},
  journal={Psychological bulletin},
  volume={137},
  number={2},
  pages={316},
  year={2011},
  publisher={American Psychological Association}
}

@article{gandhi2020lightening,
  title={Lightening the Cognitive Load of Shell Programming},
  author={Gandhi, Ishaan and Gandhi, Anshula},
  year={2020}
}

@inproceedings{treharne2012optimising,
  title={Optimising visual and textual in search user interfaces},
  author={Treharne, Kenneth and Powers, David MW and Leibbrandt, Richard},
  booktitle={Proceedings of the 24th Australian Computer-Human Interaction Conference},
  pages={616--619},
  year={2012}
}